%
% Bibliography / Literaturverzeichnis
% 
% literatur.bib
%
% Install Biber:
%   $ sudo apt install biber
%
% Run in console:
%   $ pdflatex primzahlen.tex
%   $ biber primzahlen.bcf
%   $ pdflatex primzahlen.tex
%   $ pdflatex primzahlen.tex
%
@book{schichlsteinbauer,
  title={``Einf{\"u}hrung in das mathematische Arbeiten"},
  author={Hermann Schichl and Roland Steinbauer},
  year={2012},
  isbn={978-3-642-28646-9},
  series={},
  publisher={Springer-Verlag Berlin Heidelberg},
  keywords = {maths},
  DOI = {10.1007/978-3-642-28646-9}
}
@article{einstein,
  author =       "Albert Einstein",
  title =        "{Zur Elektrodynamik bewegter K{\"o}rper}. ({German})
                 [{On} the electrodynamics of moving bodies]",
  journal =      "Annalen der Physik",
  volume =       "322",
  number =       "10",
  pages =        "891--921",
  year =         "1905",
  DOI =          "http://dx.doi.org/10.1002/andp.19053221004",
  keywords =     "physics"
}
@book{aristotle:physics, 
  author = {Aristotle}, 
  title = {Physics}, 
  year = {1929}, 
  publisher = {G. P. Putnam}, 
}
